@online{chris_stanford_dcoref,
  organization = {The Stanford Natural Language Processing Group },
  title = {Stanford Deterministic Coreference Resolution System},
  year = 2011,
  url = {http://nlp.stanford.edu/software/dcoref.shtml},
  urldate = {2015-20-02}
}

@book{chris_bird,
  title={To Kill a Mockingbird},
  author={Lee, Harper},
  year={1960},
  publisher={Published by arrangement with McIntosh and Otis, Inc.}
}

@book{chris_adventures,
  title={The Adventures of Huckleberry Finn: Tom Sawyer},
  author={Twain, Mark},
  lccn={21004140},
  year={1912},
  publisher={Harper \& Bros.}
}

@book{chris_uncle,
  title={Uncle Tom's Cabin},
  author={Stowe, Harriet Beecher},
  year={1852},
  publisher={John P. Jewett \& Company}
}

@inproceedings{chris_haghighi,
 author = {Haghighi, Aria and Klein, Dan},
 title = {Coreference Resolution in a Modular, Entity-centered Model},
 booktitle = {Human Language Technologies: The 2010 Annual Conference of the North American Chapter of the Association for Computational Linguistics},
 series = {HLT '10},
 year = {2010},
 isbn = {1-932432-65-5},
 location = {Los Angeles, California},
 pages = {385--393},
 numpages = {9},
 url = {http://dl.acm.org/citation.cfm?id=1857999.1858060},
 acmid = {1858060},
 publisher = {Association for Computational Linguistics},
 address = {Stroudsburg, PA, USA},
} 


@inproceedings{chris_leeetal,
 author = {Lee, Heeyoung and Peirsman, Yves and Chang, Angel and Chambers, Nathanael and Surdeanu, Mihai and Jurafsky, Dan},
 title = {Stanford's Multi-pass Sieve Coreference Resolution System at the CoNLL-2011 Shared Task},
 booktitle = {Proceedings of the Fifteenth Conference on Computational Natural Language Learning: Shared Task},
 series = {CONLL Shared Task '11},
 year = {2011},
 isbn = {9781937284084},
 location = {Portland, Oregon},
 pages = {28--34},
 numpages = {7},
 url = {http://nlp.stanford.edu/pubs/conllst2011-coref.pdf},
 acmid = {2132938},
 publisher = {Association for Computational Linguistics},
 address = {Stroudsburg, PA, USA},
}

%########################################################################

@InProceedings{bollmann_petran_dipper,
author = {Bollmann, Marcel and Petran, Florian and Dipper, Stefanie},
title = {Rule-Based Normalization of Historical Texts},
booktitle = {Proceedings of the Workshop on Language Technologies for Digital Humanities and Cultural Heritage},
year = {2011},
address = {Hissar, Bulgaria},
pages = {34--42},
url = {http://www.aclweb.org/anthology/W11-4106}
}
@inproceedings{hauser2007information,
title={Information access to historical documents from the early new high german period},
author={Hauser, Andreas and Heller, Markus and Leiss, Elisabeth and Schulz, Klaus U and Wanzeck, Christiane},
booktitle={Proceedings of the IJCAI-2007 Workshop on Analytics for Noisy Unstructured Text Data},
pages={147--154},
year={2007},
publisher={Internat. Begegnungs-und Forschungszentrum f{\"u}r Informatik},
URL={http://129.187.148.72/download/publikationen/ijcai-2007-p147.pdf}
}
@proceedings{JCDL:07,
editor={Edie M. Rasmussen and Ray R. Larson and Elaine Toms and Shigeo Sugimoto},
title={ACM/IEEE Joint Conference on Digital Libraries, JCDL 2007, Vancouver, BC, Canada, June 18-23, 2007, Proceedings},
booktitle={JCDL},
publisher={ACM},
year=2007,
isbn={978-1-59593-644-8},
URL={http://www.is.inf.uni-due.de/bib/pdf/ir/Ernst_Fuhr_07.pdf}
}
@inproceedings{ernst2007retrieval,
title={Retrieval in text collections with historic spelling using linguistic and spelling variants},
author={Ernst-Gerlach, Andrea and Fuhr, Norbert},
booktitle={Proceedings of the 7th ACM/IEEE-CS joint conference on Digital libraries},
pages={333--341},
year={2007},
organization={ACM}
}
@proceedings{ECIR:06,
title={28th European Conference on Information Retrieval Research ({ECIR} 2006)},
key={ECIR:06},
editor={Mounia Lalmas and Andy MacFarlane and Stefan M. R{\"u}ger and Anastasios Tombros and Theodora Tsikrika and Alexei Yavlinsky},
booktitle={ECIR},
publisher={Springer},
year=2006,
URL={http://www.is.inf.uni-due.de/bib/pdf/ir/Ernst_Fuhr_06.pdf}
}
@incollection{ernst2006generating,
title={Generating search term variants for text collections with historic spellings},
author={Ernst-Gerlach, Andrea and Fuhr, Norbert},
booktitle={Advances in Information Retrieval},
pages={49--60},
year={2006},
publisher={Springer}
}
@INPROCEEDINGS{charniak-johnson:2005:ACL,
AUTHOR = {Charniak, Eugene and Johnson, Mark},
TITLE = {Coarse-to-Fine n-Best Parsing and MaxEnt Discriminative Reranking},
BOOKTITLE = {Proceedings of the 43rd Annual Meeting of the Association for Computational Linguistics (ACL'05)},
MONTH = jun,
YEAR = {2005},
ADDRESS = {Ann Arbor, Michigan},
PUBLISHER = {Association for Computational Linguistics},
PAGES = {173--180},
URL = {http://www.aclweb.org/anthology/P/P05/P05-1022}
}
@phdthesis{collins-thesis1999,
title = {{Head-Driven Statistical Models for Natural Language Parsing}},
author = {Collins, M.},
school = {University of Pennsylvania},
year = {1999},
url = {http://people.csail.mit.edu/mcollins/papers/thesis.ps}
}
@INPROCEEDINGS{charniak-EtAl:2006:HLT-NAACL06-Main,
AUTHOR = {Charniak, Eugene and Johnson, Mark and Elsner, Micha and Austerweil, Joseph and Ellis, David and Haxton, Isaac
and Hill, Catherine and Shrivaths, R. and Moore, Jeremy and Pozar, Michael and Vu, Theresa},
TITLE = {Multilevel Coarse-to-Fine PCFG Parsing},
BOOKTITLE = {Proceedings of the Human Language Technology Conference of the NAACL (HLT-NAACL'06)},
MONTH = jun,
YEAR = {2006},
ADDRESS = {New York City, USA},
PUBLISHER = {Association for Computational Linguistics},
PAGES = {168--175},
URL = {http://www.aclweb.org/anthology/N/N06/N06-1022},
SLIDES = {http://www.cs.brown.edu/people/melsner/naacl-06-slides.pdf}
}
@inproceedings{petrov_learning_2006,
address = {Sydney, Australia},
title = {Learning accurate, compact, and interpretable tree annotation},
url = {http://www.aclweb.org/anthology/P06-1055.pdf},
doi = {10.3115/1220175.1220230},
abstract = {We present an automatic approach to tree annotation
in which basic nonterminal symbols are alternately
split and merged to maximize the likelihood
of a training treebank. Starting with a simple Xbar
grammar, we learn a new grammar whose nonterminals
are subsymbols of the original nonterminals.
In contrast with previous work, we are able
to split various terminals to different degrees, as appropriate
to the actual complexity in the data. Our
grammars automatically learn the kinds of linguistic
distinctions exhibited in previous work on manual
tree annotation. On the other hand, our grammars
are much more compact and substantially more accurate
than previous work on automatic annotation.
Despite its simplicity, our best grammar achieves
an F1 of 90.2\% on the Penn Treebank, higher than
fully lexicalized systems.},
booktitle = {Proceedings of the 21st International Conference on Computational Linguistics and the 44th annual meeting of the Association for Computational Linguistics},
publisher = {Association for Computational Linguistics},
author = {Petrov, Slav and Barrett, Leon and Thibaux, Romain and Klein, Dan},
month = jul,
year = {2006},
keywords = {{BerkeleyParser}},
pages = {433–440}
}
@inproceedings{petrov_improved_2007,
address = {Rochester, New York},
title = {Improved inference for unlexicalized parsing},
url = {http://www.aclweb.org/anthology/N/N07/N07-1051.pdf},
abstract = {We present several improvements to unlexicalized
parsing with hierarchically state-split {PCFGs.} First,
we present a novel coarse-to-fine method in which
a grammar’s own hierarchical projections are used
for incremental pruning, including a method for efficiently
computing projections of a grammar without
a treebank. In our experiments, hierarchical
pruning greatly accelerates parsing with no loss in
empirical accuracy. Second, we compare various
inference procedures for state-split {PCFGs} from the
standpoint of risk minimization, paying particular
attention to their practical tradeoffs. Finally, we
present multilingual experiments which show that
parsing with hierarchical state-splitting is fast and
accurate in multiple languages and domains, even
without any language-specific tuning.},
booktitle = {Human Language Technologies 2007: The Conference of the North American Chapter of the Association for Computational Linguistics; Proceedings of the Main Conference},
publisher = {Association for Computational Linguistics},
author = {Petrov, Slav and Klein, Dan},
month = apr,
year = {2007},
keywords = {{BerkeleyParser}},
pages = {404–411}
}
@inproceedings{kubler_page_2008,
address = {Columbus, Ohio},
title = {The {PaGe} 2008 Shared Task on Parsing German},
url = {http://www.aclweb.org/anthology/W/W08/W08-1008.pdf},
urldate = {2010-07-01},
booktitle = {Proceedings of the Workshop on Parsing German {(PaGE08)}},
publisher = {Association for Computational Linguistics},
author = {Kübler, Sandra},
month = jun,
year = {2008},
pages = {55–63}
}
@inproceedings{Klein:2003:ACL,
author = {Klein, Dan and Manning, Christopher D.},
title = {Accurate Unlexicalized Parsing},
booktitle = {Proceedings of the 41st Annual Meeting of the Association for Computational Linguistics},
editor = {Erhard Hinrichs and Dan Roth},
url = {http://www.aclweb.org/anthology/P03-1054.pdf},
year = 2003,
pages = {423--430}
}
[Andreev 1980]
Andreev, Nikolaj D.: Verteilungswörterbücher und Grundwortschatz. In: Grothjahn, R. (Hg.): Glottometrika
2. Bochum 1980, S. 82–88. (= Quantitative Linguistics 2).
[Schulz 2000]
Schulz, Matthias: Zur Eignung von älteren Wörterbüchern und Wörterbuchvergleichen für eine Analyse von
Wortschatz und dessen Wandel. In: Sprachwissenschaft 25 (2000), S. 63–75.
[Schulz 2004]
Schulz, Matthias: [Rezension zu] ULRICH SCHNÖRCH, Der zentrale Wortschatz des Deutschen. Strategien
zu seiner Ermittlung, Analyse und lexikographischen Aufarbeitung, Studien zur Deutschen Sprache 26, Tü-
bingen: Gunter Narr Verlag 2002, 422 Seiten. In: Beiträge zur Namenforschung 39 (2004), S. 332–334.
@article{schulz_2000,
author={Schulz, Matthias},
title={Zur Eignung von älteren Wörterbüchern und Wörterbuchvergleichen für eine Analyse von Wortschatz und dessen Wandel},
journal={Sprachwissenschaft},
volume={25},
pages={63 -- 75},
year={2000},
}
@article{andreev_1980,
author={Andreev, Nikolaj Dimitrievič},
title={Verteilungswörterbücher und Grundwortschatz},
journal={Glottometrika},
editor={Grothjahn, R.},
volume={2},
pages={82 -- 88},
year={1980},
}
@article{mueller_spitzer,
author={Müller--Spitzer, Carolin},
title={{Das Konzept der Inhaltsstruktur. Ein Ausschnitt aus einer neuen Konzeption für die Modellierung lexikografischer Daten.}},
note={Institut für Deutsche Sprache, Mannheim},
year={2006},
issn={1860-9422}
}
%%pages={18},
@article{kuehn_not,
author={K\"uhn, Peter},
title={{Notwendigkeit, Gebrauchswert und Verwendung von Grundwortschatzbüchern}},
journal={Zeitschrift für Germanistische Linguistik},
volume={9},
pages={164 -- 179},
year={1981},
issn={0301-3294},
doi={10.1515/zfgl.1981.9.2.164}
}
@phdthesis{haderlein_phd,
author={Haderlein, Veronika},
title={{Das Konzept zentraler Wortschätze. Bestandsaufnahme, theoretisch--methodische Weiterf\"uhrung und praktische Untersuchung}},
school={Ludwig-Maximilians-Universit\"at M\"unchen} ,
year={2008},
pdf={},
howpublished={},
note={}
}
Jones, R. /Tschirner, E. (2006), Frequency dictionary ofGerman. Core vocabularyfor learners. London,
Routledge.
@book{tschirner,
title={Frequency dictionary of German. Core vocabulary for learners},
author={Tschirner, E. and Jones, R.},
note={},
year={2006},
publisher={Routledge, London},
shorthand={Tschirner 2006}
}
Langenscheidt Taschenwörterbuch Deutsch als Fremdsprache. Berlin: Langenscheidt, Vorwort.
@book{daf,
title={Taschenwörterbuch Deutsch als Fremdsprache},
author={G{\"o}tz, D. and Wellmann, Hans},
note={},
year={2003},
publisher={Langenscheidt, Berlin},
shorthand={LangenscheidtDaF 2003}
}
Langenscheidt: Basic German Vocabulary. Berlin: Langenscheidt 1991, S. VIII.
@book{basic,
title={Basic German Vocabulary},
author={Bock, Heiko},
note={},
year={1991},
publisher={Langenscheidt, Berlin},
}

@book{basic2,
title={Langenscheidt Basic German Vocabulary: A Learner's Dictionary Divided Into Subject Categories with Example Sentences},
author={James, C.L. and James, C.J.},
year={1991},
publisher={Langenscheidt, Berlin},
shorthand={BasicGerman 1991}
}
Profile deutsch. Gemeinsamer europäischer Referenzrahmen. Berlin: Langenscheidt 2005.
Manuela Glaboniat / Martin Müller / Paul Rusch / Helen Schmitz / Lukas Wertenschlag
@book{profile,
title={Profile deutsch. Gemeinsamer europäischer Referenzrahmen},
author={Glaboniat, Manuela and
Müller, Martin and
Rusch, Paul and
Schmitz, Helen and
Wertenschlag, Lukas},
year={2005},
publisher={Langenscheidt, Berlin},
shorthand={Profile 2005}
}
@book{chacko1972deutsch,
title={{Deutsch --- Malayalam W{\"o}rterbuch}},
author={Chacko, Vattukalathil Chacko},
note={unter Mitarbeit von Dieter Siegrist},
lccn={77904395},
year={1972},
publisher={Dept. of German, University of Kerala},
shorthand={Chacko 1972}
}
%%: V. C. Chacko, unter mitarbeit von Dieter Siegrist
%% url={http://books.google.de/books?id=vRIKAQAAIAAJ},
@book{kuehn_1979,
title={Der Grundwortschatz. Bestimmung und Systematisierung},
author={K\"uhn, Peter},
year={1979},
note={Reihe Germanistische Linguistik 17}
}
[Kühn 1979 bei Haderlein]
Kühn, Peter: Der Grundwortschatz. Bestimmung und Systematisierung. Tübingen 1979. (= Reihe Germani-
stische Linguistik 17).
@Inproceedings{hirschowitz_maggesi_fics2012,
author = {Hirschowitz, Andr\'e and Maggesi, Marco},
year = {2012},
title = {{Initial Semantics for Strengthened Signatures}},
editor = {Miller, Dale and \'Esik, Zolt\'an},
booktitle = {Proceedings 8th Workshop on
Fixed Points in Computer Science,
Tallinn, Estonia, 24th March 2012},
series = {Electronic Proceedings in Theoretical Computer Science},
volume = {77},
publisher = {Open Publishing Association},
pages = {31-38},
doi = {10.4204/EPTCS.77.5},
}
@article{ahrens_ext_init,
author = {Benedikt Ahrens},
title = {{Extended Initiality for Typed Abstract Syntax}},
journal = {Logical Methods in Computer Science},
volume = {8},
number = {2},
pages = {1 -- 35},
year = {2012},
doi = {10.2168/LMCS-8(2:1)2012}
}
@article{ahrens_ext_init_obs,
author = {Benedikt Ahrens},
title = {{Extended Initiality for Typed Abstract Syntax}},
primaryClass = {cs.LO},
keywords = {Computer Science - Logic in Computer Science, Computer Science - Programming Languages},
year = {2011},
note={To be published in LMCS, \href{http://arxiv.org/abs/1107.4751}{arXiv:1107.4751}},
url={\href{http://arxiv.org/abs/1107.4751}{arXiv:1107.4751}},
pdf={\href{http://arxiv.org/abs/1107.4751}{arXiv:1107.4751}}
}
@article{ahrens_relmonads,
author = {Benedikt Ahrens},
title = {Modules over relative monads for syntax and semantics},
note = {To be published in Math.\ Struct.\ in Comp.\ Science, \href{http://arxiv.org/abs/1107.5252}{arXiv:1107.5252}},
year = {2011},
url = {\href{http://arxiv.org/abs/1107.5252}{arXiv:1107.5252}},
pdf = {\href{http://arxiv.org/abs/1107.5252}{arXiv:1107.5252}},
}
@book{TVD88,
author = {A.~S.~Troelstra and D.~van~Dalen},
title = {Constructivism in Mathematics: an Introduction},
volume = {I and II},
publisher = {North--Holland, Amsterdam},
year = 1988
}
@inproceedings{DBLP:conf/cade/Paulson88,
author = {Lawrence C. Paulson},
title = {Isabelle: The Next Seven Hundred Theorem Provers},
booktitle = {CADE},
year = {1988},
pages = {772-773},
ee = {http://dx.doi.org/10.1007/BFb0012891},
crossref = {DBLP:conf/cade/1988},
bibsource = {DBLP, http://dblp.uni-trier.de}
}
@proceedings{DBLP:conf/cade/1988,
editor = {Ewing L. Lusk and
Ross A. Overbeek},
title = {9th International Conference on Automated Deduction, Argonne,
Illinois, USA, May 23-26, 1988, Proceedings},
booktitle = {CADE},
publisher = {Springer},
series = {Lecture Notes in Computer Science},
volume = {310},
year = {1988},
isbn = {3-540-19343-X},
bibsource = {DBLP, http://dblp.uni-trier.de}
}